<record><leader>00000cas a2200000 a 4500</leader><controlfield tag="001">60856728</controlfield><controlfield tag="008">050713d18411842ilumr ne      0   a0eng c</controlfield><datafield ind1=" " ind2=" " tag="010"><subfield code="a">  2011271016</subfield></datafield><datafield ind1=" " ind2=" " tag="040"><subfield code="a">EEM</subfield><subfield code="b">eng</subfield><subfield code="c">EEM</subfield><subfield code="d">UMS</subfield><subfield code="d">ZCU</subfield><subfield code="d">GUA</subfield><subfield code="d">NVF</subfield><subfield code="d">OCLCF</subfield><subfield code="d">OCLCO</subfield><subfield code="d">NVF</subfield><subfield code="d">OCLCO</subfield></datafield><datafield ind1=" " ind2=" " tag="042"><subfield code="a">pcc</subfield></datafield><datafield ind1=" " ind2=" " tag="043"><subfield code="a">n-us---</subfield></datafield><datafield ind1=" " ind2=" " tag="090"><subfield code="a">S1</subfield><subfield code="b">.P7</subfield></datafield><datafield ind1="0" ind2="4" tag="245"><subfield code="a">The union agriculturist and western prairie farmer.</subfield></datafield><datafield ind1="1" ind2="7" tag="246"><subfield code="a">Union agriculturist</subfield></datafield><datafield ind1=" " ind2=" " tag="260"><subfield code="a">Chicago, [Ill.] :</subfield><subfield code="b">Union Agricultural Society,</subfield><subfield code="c">1841-1842.</subfield></datafield><datafield ind1=" " ind2=" " tag="300"><subfield code="a">volumes :</subfield><subfield code="b">illustrations ;</subfield><subfield code="c">57 cm.</subfield></datafield><datafield ind1=" " ind2=" " tag="310"><subfield code="a">Monthly</subfield></datafield><datafield ind1="0" ind2=" " tag="362"><subfield code="a">Vol. 1, no. 1 (Jan. 1841)-v. 2. no. 12 (Dec. 1842).</subfield></datafield><datafield ind1=" " ind2=" " tag="500"><subfield code="a">Included in American periodical series.</subfield></datafield><datafield ind1=" " ind2=" " tag="500"><subfield code="a">"Devoted to the improvement of western agriculture," Jan. 1841.</subfield></datafield><datafield ind1=" " ind2=" " tag="500"><subfield code="a">"Western Farmer's own paper," Jan.-Dec. 1842.</subfield></datafield><datafield ind1=" " ind2=" " tag="530"><subfield code="a">Available on microfilm.</subfield></datafield><datafield ind1=" " ind2=" " tag="530"><subfield code="a">Also available via the World Wide Web.</subfield></datafield><datafield ind1=" " ind2=" " tag="550"><subfield code="a">"[T]he organ of the Illinois State Agricultural Society."</subfield></datafield><datafield ind1=" " ind2="0" tag="650"><subfield code="a">Agriculturists</subfield><subfield code="x">Education</subfield><subfield code="z">West (U.S.)</subfield><subfield code="v">Newspapers.</subfield></datafield><datafield ind1=" " ind2="0" tag="650"><subfield code="a">Farmers</subfield><subfield code="x">Education</subfield><subfield code="z">West (U.S.)</subfield><subfield code="v">Newspapers.</subfield></datafield><datafield ind1=" " ind2="0" tag="650"><subfield code="a">Agriculture</subfield><subfield code="z">United States</subfield><subfield code="v">Newspapers.</subfield></datafield><datafield ind1=" " ind2="0" tag="651"><subfield code="a">Middle West</subfield><subfield code="v">Newspapers.</subfield></datafield><datafield ind1=" " ind2="0" tag="651"><subfield code="a">West (U.S.)</subfield><subfield code="v">Newspapers.</subfield></datafield><datafield ind1=" " ind2="7" tag="650"><subfield code="a">Agriculture.</subfield><subfield code="2">fast</subfield><subfield code="0">(OCoLC)fst00801355</subfield></datafield><datafield ind1=" " ind2="7" tag="651"><subfield code="a">Middle West.</subfield><subfield code="2">fast</subfield><subfield code="0">(OCoLC)fst01240052</subfield></datafield><datafield ind1=" " ind2="7" tag="651"><subfield code="a">United States.</subfield><subfield code="2">fast</subfield><subfield code="0">(OCoLC)fst01204155</subfield></datafield><datafield ind1=" " ind2="7" tag="651"><subfield code="a">United States, West.</subfield><subfield code="2">fast</subfield><subfield code="0">(OCoLC)fst01243255</subfield></datafield><datafield ind1=" " ind2="7" tag="655"><subfield code="a">Newspapers.</subfield><subfield code="2">fast</subfield><subfield code="0">(OCoLC)fst01423814</subfield></datafield><datafield ind1="2" ind2=" " tag="710"><subfield code="a">Union Agricultural Society (Chicago, Ill.),</subfield><subfield code="k">Newspapers.</subfield><subfield code="e">publisher.</subfield></datafield><datafield ind1="2" ind2=" " tag="710"><subfield code="a">Illinois State Agricultural Society.</subfield><subfield code="k">Newspaper.</subfield></datafield><datafield ind1=" " ind2=" " tag="752"><subfield code="a">United States</subfield><subfield code="b">Illinois</subfield><subfield code="c">Cook County</subfield><subfield code="d">Chicago.</subfield></datafield><datafield ind1="1" ind2=" " tag="776"><subfield code="t">Union agriculturist and western prairie farmer (Online)</subfield><subfield code="w">(DLC)  2006255222</subfield><subfield code="w">(OCoLC)69662545</subfield></datafield><datafield ind1="0" ind2="1" tag="780"><subfield code="t">Union agriculturist</subfield></datafield><datafield ind1="0" ind2="0" tag="785"><subfield code="t">Prairie farmer (Chicago, Ill. : 1843)</subfield><subfield code="w">(DLC)sn 96021979</subfield><subfield code="w">(OCoLC)8013620</subfield></datafield><datafield ind1="4" ind2="1" tag="856"><subfield code="u">http://proquest.umi.com/pqdweb</subfield></datafield><datafield ind1="4" ind2="1" tag="856"><subfield code="3">(Jan. 1841-Dec. 1842) available online:</subfield><subfield code="u">www.library.illinois.edu/dnc/fff</subfield></datafield></record>